% url = "https://pubmed.ncbi.nlm.nih.gov/32520287/"
@article{Aquino2020,
  author          = "Estela M. L. Aquino and Ismael Henrique Silveira and Julia Moreira Pescarini and Rosana Aquino and Jaime Almeida de {Souza-Filho} and Aline Santos Rocha and Andrea Ferreira and Audêncio Victor and Daiane Borges Machado and Enny Paixão and Flávia Jôse Oliveira Alves and Flávia Pilecco and Greice Menezes and Ligia Gabrielli and Luciana Leite and Maria Conceição Chagas Almeida and Naiá Ortelan and Qeren Hapuk R. Ferreira Fernandes and Renzo Joel Flores Ortiz and Raquel Nunes Palmeira and Elzo Pereira Pinto Junior and Erika Aragão and Luís Eugenio Portela Fernandes de Souza and Manoel Barral Netto and Maria Glória Teixeira and Mauricio Lima Barreto and Maria Yury Ichihara and Raíza Tourinho Reis Silva Lima",
  title           = "Social distancing measures to control the {COVID-19} pandemic: Potential impacts and challenges in {Brazil}",
  journal         = "Ci\^{e}ncia e Sa\'{u}de Coletiva",
  volume          = {24},
  number          = {1},
  pages 		  = {2423--2446},
  year            = {2020},
  doi 			  = "10.1590/1413-81232020256.1.10502020"
}

@article{Cruz2020,
	title 	= "Social distancing in {São Paulo State}: demonstrating the reduction in cases using time series analysis of deaths due to {COVID-19}",
	author 	= "Carlos Henrique Brito Cruz",
	journal =  "Revista. Brasileira de Epidemiologia", 
	volume 	= "23",
	pages 	= " E200056",
	year 	= "2020",
	doi 	= "10.1590/1980-549720200056"
}

% 2014/05/01
% url = "https://journals.plos.org/plosone/article?id=10.1371/journal.pone.0095133",
@article{Farrahi2014,
	title 	= "Epidemic Contact Tracing via Communication Traces",
	author 	= "Katayoun Farrahi and Rémi Emonet and Manuel Cebrian",
	journal = "PLoS ONE",
	volume 	= "9",
	number 	= "5",
	pages 	= "e95133",
	year 	= "2014",
	doi 	= "10.1371/journal.pone.0095133"
}

%  2021/07/01
% url = "https://www.nature.com/articles/s41579-021-00573-0"
@article{Harvey2021,
	title 	= "{SARS-CoV-2} variants, spike mutations and immune escape",
	author 	= "William T. Harvey and Alessandro M. Carabelli and Ben Jackson and Ravindra K. Gupta and Emma C. Thomson and Ewan M. Harrison and Catherine Ludden and Richard Reeve and Andrew Rambaut and Sharon J. Peacock and David L. Robertson",
	journal = "Nature Reviews Microbiology",
	volume 	= "19",
	number 	= "17",
	pages 	= "409--424",
	year 	= "2021",
	doi 	= "10.1038/s41579-021-00573-0"
}

@misc{MH2021,
	title 			= {Vacina\c{c}\~{a}o},
	author 			= "{Brazilian Ministry of Health}",
 	howpublished 	= "\url{https://www.gov.br/saude/pt-br/vacinacao}",
	year         	= {2021},
	note 			= "Accessed: 2021/10/26" 
}


% url = "https://doi.org/10.1098/rspa.1916.0007"
@article{Ross1916,
	title 	= "An application of the theory of probabilities to the study of a priori pathometry -- \hbox{Part I}",
	author 	= "Ronald Ross",
	journal = "Proceedings of the Royal Society of London. Series A, Containing Papers of a Mathematical and Physical Character",
	volume 	= "92", 
	number 	= "638", 
	pages 	= "204--230",
	year 	= "1916",
	doi 	= "10.1098/rspa.1916.0007"
}

% 2021-05-03
% url = "https://royalsocietypublishing.org/doi/10.1098/rspa.1917.0014"	
@article{Ross1917a,
	title 	= "An application of the theory of probabilities to the study of a priori pathometry -- \hbox{Part II}",
	author 	= "Ronald Ross and Hilda P. Hudson",
	journal = "Proceedings of the Royal Society of London. Series A, Containing Papers of a Mathematical and Physical Character",
	volume 	= "93",
	number 	= "650",
	pages 	= "212--215",
	year 	= "1917",
	doi 	= "10.1098/rspa.1917.0014"
}

% 2021-05-03
% url = "https://royalsocietypublishing.org/doi/10.1098/rspa.1917.0015"	
@article{Ross1917b,
	title 	= "An application of the theory of probabilities to the study of a priori pathometry -- \hbox{Part III}",
	author 	= "Ronald Ross and Hilda P. Hudson",
	journal = "Proceedings of the Royal Society of London. Series A, Containing Papers of a Mathematical and Physical Character",
	volume 	= "93",
	number 	= "650",
	pages 	= "225--240",
	year 	= "1917",
	doi 	= "10.1098/rspa.1917.0015"
}

@book{Spieg2019,
	title 		= "The Art of Statistics: How to Learn from Data",
	author 		= "David Spiegelhalter",
 	publisher 	= "Basic Books Publishing", 
	year 		= "2019"
}

% 2020-07-17
@article{Stewart2020,
	title 	= "How control theory can help us control {COVID-19}",
	author 	= "Greg Stewart and  Klaske Van Heusden and Guy A. Dumont",
	journal = "IEEE Spectrum",
	volume 	= " 6", 
	number 	= "57",
	pages 	=  "22--29" ,
	year 	= "2020"
}

 @misc{WHOa,
      title        = "{COVID-19} vaccines",
      author       = "{World Health Organization}",
      howpublished = "\url{https://www.who.int/emergencies/diseases/novel-coronavirus-2019/covid-19-vaccines}",
      year         = 2021,
      note         = "Accessed: 2021-08-05"
 }

 @misc{WHOb,
      title        = "Infection prevention and control during health care when coronavirus disease ({COVID-19}) is suspected or confirmed. Interim guidance, {COVID-19}: Infection prevention and control/\hbox{WASH}",
      author       = "{World Health Organization}",
      howpublished = "\url{https://www.who.int/publications/i/item/WHO-2019-nCoV-IPC-2021.1}",
      year         = 2021,
      note         = "Accessed: 2021/08/05"
 }
